@article{monaghan1994simulating,
  title={Simulating free surface flows with SPH},
  author={Monaghan, Joe J},
  journal={Journal of computational physics},
  volume={110},
  number={2},
  pages={399--406},
  year={1994},
  publisher={Elsevier}
}
@article{gingold1977smoothed,
  title={Smoothed particle hydrodynamics: theory and application to non-spherical stars},
  author={Gingold, Robert A and Monaghan, Joseph J},
  journal={Monthly notices of the royal astronomical society},
  volume={181},
  number={3},
  pages={375--389},
  year={1977},
  publisher={Oxford University Press Oxford, UK}
}
@article{lucy1977numerical,
  title={A numerical approach to the testing of the fission hypothesis},
  author={Lucy, Leon B},
  journal={The astronomical journal},
  volume={82},
  pages={1013--1024},
  year={1977}
}
@inproceedings{muller2003particle,
  title={Particle-based fluid simulation for interactive applications},
  author={M{\"u}ller, Matthias and Charypar, David and Gross, Markus},
  booktitle={Proceedings of the 2003 ACM SIGGRAPH/Eurographics symposium on Computer animation},
  pages={154--159},
  year={2003}
}
@incollection{desbrun1996smoothed,
  title={Smoothed particles: A new paradigm for animating highly deformable bodies},
  author={Desbrun, Mathieu and Gascuel, Marie-Paule},
  booktitle={Computer Animation and Simulationâ€™96},
  pages={61--76},
  year={1996},
  publisher={Springer}
}
@inproceedings{gross2019fast,
  title={Fast and Efficient Nearest Neighbor Search for Particle Simulations.},
  author={Gro{\ss}, Julian and K{\"o}ster, Marcel and Kr{\"u}ger, Antonio},
  booktitle={CGVC},
  pages={55--63},
  year={2019}
}
@incollection{solenthaler2009predictive,
  title={Predictive-corrective incompressible SPH},
  author={Solenthaler, Barbara and Pajarola, Renato},
  booktitle={ACM SIGGRAPH 2009 papers},
  pages={1--6},
  year={2009}
}
@article{ban2018adaptively,
  title={Adaptively stepped SPH for fluid animation based on asynchronous time integration},
  author={Ban, Xiaojuan and Wang, Xiaokun and He, Liangliang and Zhang, Yalan and Wang, Lipeng},
  journal={Neural Computing and Applications},
  volume={29},
  number={1},
  pages={33--42},
  year={2018},
  publisher={Springer}
}
@inproceedings{goswami2014regional,
  title={Regional time stepping for SPH},
  author={Goswami, Prashant and Batty, Christopher},
  booktitle={Eurographics 2014},
  pages={45--48},
  year={2014},
  organization={Eurographics Association}
}
@inproceedings{reinhardt2017fully,
  title={Fully asynchronous SPH simulation},
  author={Reinhardt, Stefan and Huber, Markus and Eberhardt, Bernhard and Weiskopf, Daniel},
  booktitle={Proceedings of the ACM SIGGRAPH/Eurographics Symposium on Computer Animation},
  pages={1--10},
  year={2017}
}
@inproceedings{ihmsen2011parallel,
  title={A parallel SPH implementation on multi-core CPUs},
  author={Ihmsen, Markus and Akinci, Nadir and Becker, Markus and Teschner, Matthias},
  booktitle={Computer Graphics Forum},
  volume={30},
  number={1},
  pages={99--112},
  year={2011},
  organization={Wiley Online Library}
}
@inproceedings{harada2007smoothed,
  title={Smoothed particle hydrodynamics on GPUs},
  author={Harada, Takahiro and Koshizuka, Seiichi and Kawaguchi, Yoichiro},
  booktitle={Computer Graphics International},
  volume={40},
  pages={63--70},
  year={2007},
  organization={SBC Petropolis}
}
@inproceedings{amada2004particle,
  title={Particle-based fluid simulation on GPU},
  author={Amada, Takashi and Imura, Masataka and Yasumuro, Yoshihiro and Manabe, Yoshitsugu and Chihara, Kunihiro},
  booktitle={ACM workshop on general-purpose computing on graphics processors},
  volume={41},
  pages={42},
  year={2004},
  organization={Citeseer}
}
@inproceedings{rustico2012journey,
  title={A journey from single-GPU to optimized multi-GPU SPH with CUDA},
  author={Rustico, Eugenio and Bilotta, Giuseppe and Gallo, Giovani and Herault, Alexis and Del Negro, C and Dalrymple, Robert Anthony},
  booktitle={7th SPHERIC Workshop},
  pages={56},
  year={2012}
}
@article{herault2010sph,
  title={Sph on gpu with cuda},
  author={H{\'e}rault, Alexis and Bilotta, Giuseppe and Dalrymple, Robert A},
  journal={Journal of Hydraulic Research},
  volume={48},
  number={sup1},
  pages={74--79},
  year={2010},
  publisher={Taylor \& Francis}
}
@misc{gpusph,
  author={A. H{\'e}rault and G. Bilotta and R. Dalrymple and E. Rustico and C. D. Negro},
  title={GPU-SPH},
  howpublished={http://www.ce.jhu.edu/dalrymple/GPU/GPUSPH/Home.html.}
}
@article{kale2007parallel,
  title={Parallel asynchronous variational integrators},
  author={Kale, Kedar G and Lew, Adrian J},
  journal={International Journal for Numerical Methods in Engineering},
  volume={70},
  number={3},
  pages={291--321},
  year={2007},
  publisher={Wiley Online Library}
}
@inproceedings{ohno2017sph,
  title={Sph-based fluid simulation on gpu using verlet list and subdivided cell-linked list},
  author={Ohno, Kazuhiko and Nitta, Tomoki and Nakai, Hiroto},
  booktitle={2017 Fifth International Symposium on Computing and Networking (CANDAR)},
  pages={132--138},
  year={2017},
  organization={IEEE}
}
